@article{howard2000physprop,
  title={PHYSPROP database},
  author={Howard, PH and Meylan, William},
  journal={Syracuse Research Corp., Syracuse, NY},
  year={2000} 
}

@article{CDK,
  title={The Chemistry Development Kit (CDK): An open-source Java library for chemo-and bioinformatics},
  author={Steinbeck, Christoph and Han, Yongquan and Kuhn, Stefan and Horlacher, Oliver and Luttmann, Edgar and Willighagen, Egon},
  journal={Journal of chemical information and computer sciences},
  volume={43},
  number={2},
  pages={493--500},
  year={2003},
  publisher={ACS Publications}
}

@article{rcdk,
  title={rcdk: Integrating the CDK with R},
  author={Guha, Rajarshi and Cherto, Miguel Rojas},
  year={2017}
}

@Manual{R,
   title = {R: A Language and Environment for Statistical Computing},
   author = {{R Core Team}},
   organization = {R Foundation for Statistical Computing},
   address = {Vienna, Austria},
   year = {2013},
   url = {http://www.R-project.org/},
}